<?xml version="1.0" encoding="UTF-8"?><collection xmlns="http://www.loc.gov/MARC21/slim"><record><leader>00457nam--2200133-i-4500</leader><controlfield tag="001">000021790</controlfield><controlfield tag="002">20161230</controlfield><controlfield tag="005">20161230201034</controlfield><controlfield tag="008">060222s1000------------r-----000-0-eng-d</controlfield><datafield ind1=" " ind2=" " tag="100"><subfield code="a">Hovi, Vaino And Paustamo, Yrjo</subfield></datafield><datafield ind1=" " ind2=" " tag="245"><subfield code="a">On the determination of the electron density in atoms of sodium chloride according to the fourier integral method</subfield></datafield><datafield ind1=" " ind2=" " tag="260"><subfield code="a">Helsinki, Suomalainen Tiedeakatemia, 1960. 8p</subfield></datafield><datafield ind1=" " ind2=" " tag="490"><subfield code="a">Ann.Acad.Sci.Fennicae, Series A</subfield></datafield><datafield ind1=" " ind2=" " tag="852"><subfield code="a">6361</subfield></datafield></record></collection>